%Este trabalho está licenciado sob a Licença Atribuição-CompartilhaIgual 4.0 Internacional Creative Commons. Para visualizar uma cópia desta licença, visite http://creativecommons.org/licenses/by-sa/4.0/deed.pt_BR ou mande uma carta para Creative Commons, PO Box 1866, Mountain View, CA 94042, USA.

%Bibtex format

@Book{Anton2014,
  author = 	 {Anton, H.},
  title = 	 {Cálculo},
  volume =       {1},
  edition =      {10.},
  publisher = 	 {Bookman},
  year = 	 {2014}
}

@Book{Avila1993a,
  author = 	 {Ávila, G. S. S.},
  title = 	 {Introdução à análise matemática},
  edition =      {2.},
  publisher = 	 {Edgard Blücher Ltda.},
  year = 	 {1993}
}

@Book{Thomas2012,
  author = 	 {Thomas, G.},
  title = 	 {Cálculo},
  volume =       {1},
  edition =      {12.},
  publisher = 	 {Addison- Wesley},
  year = 	 {2012}
}

@Book{Stewart2006,
  author = 	 {Stewart, J.},
  title = 	 {Cálculo},
  publisher = 	 {Thomson Learning},
  year = 	 {2006}
}

