%Este trabalho está licenciado sob a Licença Atribuição-CompartilhaIgual 4.0 Internacional Creative Commons. Para visualizar uma cópia desta licença, visite http://creativecommons.org/licenses/by-sa/4.0/ ou mande uma carta para Creative Commons, PO Box 1866, Mountain View, CA 94042, USA.

%Bibtex format

@Book{Avila2006a,
  author = 	 {Ávila, G.},
  title = 	 {Análise matemática para licenciatura},
  publisher = 	 {Blucher},
  year = 	 {2006},
  edition = 	 {3. ed.}
}

@Book{Bartle2000a,
  author = 	 {Bartle, R.G. and Sherbert, D.R.},
  title = 	 {Introduction to real analysis},
  publisher = 	 {John Wiley \& Sons},
  year = 	 {2000},
  edition = 	 {3. ed.}
}

@Book{Doering2015a,
  author = 	 {Doering, C.I.},
  title = 	 {Introdução à análise matemática na reta},
  publisher = 	 {{SBM}},
  year = 	 {2015},
  edition = 	 {1. ed.}
}

@Book{Lima2017a,
  author = 	 {Lima, E.L.},
  title = 	 {Análise real},
  publisher = 	 {IMPA},
  year = 	 {2017},
  edition = 	 {12. ed.}
}

