%Este trabalho está licenciado sob a Licença Atribuição-CompartilhaIgual 4.0 Internacional Creative Commons. Para visualizar uma cópia desta licença, visite http://creativecommons.org/licenses/by-sa/4.0/deed.pt_BR ou mande uma carta para Creative Commons, PO Box 1866, Mountain View, CA 94042, USA.

%Bibtex format

@Book{Axler2016,
  author = 	 {Axler, S.},
  title = 	 {Pré-Cálculo: uma preparação para o cálculo},
  edition =      {2.},
  publisher = 	 {LTC},
  year = 	 {2016},
  address =      {Rio de Janeiro},
  isbn =         {9788521630692}
}

@Book{Caldeira20014,
  author = 	 {Caldeira, A.M. and da Silva, L.M.O and Machado, M.A.S. and Medeiros, V.Z.},
  title = 	 {Pré-Cálculo},
  edition =      {3.},
  publisher = 	 {Cengage Learning},
  year = 	 {2014},
  isbn =         {9788522113126}
}

@Book{Gomes2018,
  author = 	 {Gomes, F.M.},
  title = 	 {Pré-Cálculo: operações, equações, funções e trigonometria},
  publisher = 	 {Cengage Learning Brasil},
  year = 	 {2018},
  address =      {São Paulo},
  isbn =         {9788522127894}
}

@Book{Safier2011,
  author = 	 {},
  title = 	 {Pré-Cálculo},
  publisher = 	 {Bookman},
  year = 	 {2011},
  address =      {Porto Alegre},
  isbn =         {9788577809271}
}



