%Este trabalho está licenciado sob a Licença Atribuição-CompartilhaIgual 4.0 Internacional Creative Commons. Para visualizar uma cópia desta licença, visite http://creativecommons.org/licenses/by-sa/4.0/deed.pt_BR ou mande uma carta para Creative Commons, PO Box 1866, Mountain View, CA 94042, USA.

%Bibtex format

@Book{Burden2016,
  author = 	 {Burden, R. and Faires, J.D.},
  title = 	 {Análise Numérica},
  publisher = 	 {Cengage Learning},
  year = 	 {2016},
  edition =      {3.},
  isbn =         {978-8522123407}
}

@Book{Davis1984,
  author = 	 {Davis, J.P. and Rabinowitz, P.},
  title = 	 {Methods of Numerical Integration},
  edition =      {2.},
  publisher = 	 {Academic Press, Inc.},
  year = 	 {1984},
  address =      {San Diego}
}

@Book{Golub2013a,
  author = 	 {Golub, G.H. and Van Loan, C.F.},
  title = 	 {Matrix Computations},
  edition =      {4.},
  publisher = 	 {The Johns Hopkins University Press},
  year = 	 {2013},
  address =      {Baltimore}
}

@Book{Kelley1999,
  author = 	 {Kelley, C.T.},
  title = 	 {Iterative Methods for Optimization},
  publisher = 	 {Society for Industrial and Applied Mathematics},
  year = 	 {1999},
  address =      {Philadelphia}
}

@Book{Quarteroni2007,
  author = 	 {Quarteroni, A. and Sacco, R. and Saleri, F.},
  title = 	 {Numerical Mathematics},
  publisher = 	 {Springer},
  address =      {Berlin},
  edition =      {2.},
  year = 	 {2007},
  isbn =         {9783540346586}
}

@Book{Nocedal2006,
  author = 	 {Nocedal, J. and Wright, S. J.},
  title = 	 {Numerical Optimization},
  publisher = 	 {Springer},
  edition =      {2.},
  year = 	 {2006},
  isbn =         {978-0387-30303-1}
}


@Book{Saad2003,
  author = 	 {Saad, Y.},
  title = 	 {Iterative Methods for Sparse Linear Systems},
  publisher = 	 {Society for Industrial and Applied Mathematics},
  address =      {Philadelphia},
  year = 	 {2003}
}


@Book{Stoer2002,
  author = 	 {Stoer, J.},
  title = 	 {Approximate Calculation of Multiple Integrals},
  publisher = 	 {Prentice-Hall, Inc.},
  year = 	 {1971},
}

@Book{Watkins2002,
  author = 	 {Watkins, D.},
  title = 	 {Fundamentals of Matrix Computations},
  publisher = 	 {John Wiley},
  year = 	 {2002},
  address =      {New York}
}

