%Este trabalho está licenciado sob a Licença Atribuição-CompartilhaIgual 4.0 Internacional Creative Commons. Para visualizar uma cópia desta licença, visite http://creativecommons.org/licenses/by-sa/4.0/deed.pt_BR ou mande uma carta para Creative Commons, PO Box 1866, Mountain View, CA 94042, USA.

%Bibtex format

@Book{Bjorck1996a,
  author = 	 {A. Bj\"{o}rk},
  title = 	 {Numerical methods for least squares problems},
  publisher = 	 {SIAM},
  year = 	 {1996}
}

@Book{Burden2015a,
  author = 	 {R.L. Burden and J.D. Faires and A.M. Burden},
  title = 	 {An\'{a}lise Num\'{e}rica},
  publisher = 	 {{CENGAGE} Learning},
  edition = 	 {10.},
  year = 	 {2015}
}

@Book{Isaacson1994a,
  author = 	 {E. Isaacson and H.B. Keller},
  title = 	 {Analysis of numerical methods},
  publisher = 	 {Dover},
  year = 	 {1994}
}

@Book{Nocedal2006a,
  author = 	 {J. Nocedal and S.J. Wright},
  title = 	 {Numerical optimization},
  publisher = 	 {Springer},
  year = 	 {2006}
}

@Book{Press2007a,
  author = 	 {W.H. Press and S.A. Teukolsky and W.T. Vetterling and B.P. Flannery},
  title = 	 {Numerical recipes},
  publisher = 	 {Cambridge University Press},
  edition =      {3.},
  year = 	 {2007}
}

@Book{Stoer1993a,
  author = 	 {J. Stoer and R. Bulirsch},
  title = 	 {Introduction to numerical analysis},
  publisher = 	 {Springer-Verlag},
  edition =      {2.},
  year = 	 {1993}
}

